@article{harris2009cloud,
  title={Cloud Computing-an overview},
  author={Harris, Torry},
  journal={Whitepaper, Torry Harris Bussiness Solutins (January 2010)},
  year={2009},
  url={https://www.torryharris.com/downloads/Cloud-Computing-Overview.pdf}
}

@article{ashton2009internet,
  title={That ‘internet of things’ thing},
  author={Ashton, Kevin and others},
  journal={RFID journal},
  volume={22},
  number={7},
  pages={97--114},
  year={2009},
  publisher={Hauppauge, New York}
}

@inproceedings{scott2013sdn,
  title={SDN security: A survey},
  author={Scott-Hayward, Sandra and O'Callaghan, Gemma and Sezer, Sakir},
  booktitle={2013 IEEE SDN For Future Networks and Services (SDN4FNS)},
  pages={1--7},
  year={2013},
  organization={IEEE}
}

@article{hovy1993automated,
  title={Automated discourse generation using discourse structure relations},
  author={Hovy, Eduard H},
  journal={Artificial intelligence},
  volume={63},
  number={1-2},
  pages={341--385},
  year={1993},
  publisher={Elsevier Science Publishers}
}

@book{peterson2007computer,
  title={Computer networks: a systems approach},
  author={Peterson, Larry L and Davie, Bruce S},
  year={2007},
  publisher={Elsevier}
}

@book{NguyenThucHai,
  title={Mạng máy tính và các hệ thống mở},
  author={Nguyễn Thúc Hải},
  year={1999},
  publisher={Nhà xuất bản giáo dục}
}

@inproceedings{poesio2001discourse,
  title={Discourse structure and anaphoric accessibility},
  author={Poesio, Massimo and Di Eugenio, Barbara},
  booktitle={{ESSLLI} workshop on information structure, discourse structure and discourse semantics, Copenhagen, Denmark},
  pages={129--143},
  year={2001}
}

@phdthesis{knott1996data,
  author  = {Knott, Alistair},
  title   = {A data-driven methodology for motivating a set of coherence relations},
  school  = {The University of Edinburgh, {UK}},
  year    = {1996}
}

@misc{BernersTim,
  author = {Berners-Lee, Tim},
  title = {Hypertext Transfer Protocol ({HTTP})},
  url = {ftp:/info.cern.ch/pub/www/doc/http-spec.txt.Z},
  urldate = {2010-09-30}
}


@misc{LectureA,
  author = {{Princeton University}},
  title = {WordNet},
  urldate = {2010-09-30},
  url = {http://www.cogsci.princeton.edu/~wn/index.shtml}
}

%%%%%%%%%%%%%%%%%%%%%%%%%%%%%%%%%%%%%%%%%%%%%%%%%%%%%%%%%%%%%%%%%%%%%%%%

@book{ling2004coding,
  title={Coding theory: a first course},
  author={Ling, San and Xing, Chaoping},
  year={2004},
  publisher={Cambridge University Press}
}

@book{knuth2013art,
  title={Art of Computer Programming, Volume 4, Fascicle 4, The: Generating All Trees--History of Combinatorial Generation},
  author={Knuth, Donald E},
  year={2013},
  publisher={Addison-Wesley Professional}
}

@article{immink1990runlength,
  title={Runlength-limited sequences},
  author={Immink, KA Schouhamer},
  journal={Proceedings of the IEEE},
  volume={78},
  number={11},
  pages={1745--1759},
  year={1990},
  publisher={IEEE}
}

@article{shor1999polynomial,
  title={Polynomial-time algorithms for prime factorization and discrete logarithms on a quantum computer},
  author={Shor, Peter W},
  journal={SIAM review},
  volume={41},
  number={2},
  pages={303--332},
  year={1999},
  publisher={SIAM}
}

@article{gheorghiu2019benchmarking,
  title={Benchmarking the quantum cryptanalysis of symmetric, public-key and hash-based cryptographic schemes},
  author={Gheorghiu, Vlad and Mosca, Michele},
  journal={arXiv preprint arXiv:1902.02332},
  year={2019}
}

@article{horan2013universal,
  title={Universal cycles for weak orders},
  author={Horan, Victoria and Hurlbert, Glenn},
  journal={SIAM Journal on Discrete Mathematics},
  volume={27},
  number={3},
  pages={1360--1371},
  year={2013},
  publisher={SIAM}
}

@article{jackson2009research,
  title={Research problems on Gray codes and universal cycles},
  author={Jackson, Brad and Stevens, Brett and Hurlbert, Glenn},
  journal={Discrete Mathematics},
  volume={309},
  number={17},
  pages={5341--5348},
  year={2009},
  publisher={North-Holland}
}

@article{johnson2009universal,
  title={Universal cycles for permutations},
  author={Johnson, J Robert},
  journal={Discrete Mathematics},
  volume={309},
  number={17},
  pages={5264--5270},
  year={2009},
  publisher={Elsevier}
}

@article{hurlbert2009universal,
  title={On universal cycles for multisets},
  author={Hurlbert, Glenn and Johnson, Tobias and Zahl, Joshua},
  journal={Discrete mathematics},
  volume={309},
  number={17},
  pages={5321--5327},
  year={2009},
  publisher={Elsevier}
}

@article{jackson2009recursive,
  title={A recursive construction for universal cycles of 2-subspaces},
  author={Jackson, Bradley W and Buhler, Joe and Mayer, Ray},
  journal={Discrete mathematics},
  volume={309},
  number={17},
  pages={5328--5331},
  year={2009},
  publisher={Elsevier}
}

@article{hurlbert1994universal,
  title={On universal cycles for k-subsets of an n-set},
  author={Hurlbert, Glenn},
  journal={SIAM Journal on Discrete Mathematics},
  volume={7},
  number={4},
  pages={598--604},
  year={1994},
  publisher={SIAM}
}

@article{jackson1993universal,
  title={Universal cycles of k-subsets and k-permutations},
  author={Jackson, Bradley W},
  journal={Discrete mathematics},
  volume={117},
  number={1-3},
  pages={141--150},
  year={1993},
  publisher={Elsevier}
}

@inproceedings{bennett1984quantum,
  title={Quantum cryptography: Public key distribution and coin tossing},
  author={Bennett, Charles H and Brassard, Gilles},
  booktitle={Proceedings of IEEE International Conference on Computers, Systems and Signal Processing},
  volume={175},
  pages={8},
  year={1984},
  organization={IEEE}
}

@article{khader2018time,
  title={Time synchronization over a free-space optical communication channel},
  author={Khader, Isaac and Bergeron, Hugo and Sinclair, Laura C and Swann, William C and Newbury, Nathan R and Desch{\^e}nes, Jean-Daniel},
  journal={Optica},
  volume={5},
  number={12},
  pages={1542--1548},
  year={2018},
  publisher={Optica Publishing Group}
}

@article{duan2021survey,
  title={A survey on quantum positioning system},
  author={Duan, Shiqi and Cong, Shuang and Song, Yuanyuan},
  journal={International Journal of Modelling and Simulation},
  volume={41},
  number={4},
  pages={265--283},
  year={2021},
  publisher={Taylor \& Francis}
}

@incollection{ekert1992quantum,
  title={Quantum Cryptography and Bell’s Theorem},
  author={Ekert, Artur K},
  booktitle={Quantum Measurements in Optics},
  pages={413--418},
  year={1992},
  publisher={Springer}
}

@article{moreno2004theorem,
  title={On the theorem of Fredricksen and Maiorana about de Bruijn sequences},
  author={Moreno, Eduardo},
  journal={Advances in Applied Mathematics},
  volume={33},
  number={2},
  pages={413--415},
  year={2004},
  publisher={Elsevier}
}

@article{etzion1988constructions,
  title={Constructions for perfect maps and pseudorandom arrays},
  author={Etzion, Tuvi},
  journal={IEEE Transactions on information theory},
  volume={34},
  number={5},
  pages={1308--1316},
  year={1988},
  publisher={IEEE}
}

@article{morano1998structured,
  title={Structured light using pseudorandom codes},
  author={Morano, Raymond A and Ozturk, Cengizhan and Conn, Robert and Dubin, Stephen and Zietz, Stanley and Nissano, J},
  journal={IEEE Transactions on Pattern Analysis and Machine Intelligence},
  volume={20},
  number={3},
  pages={322--327},
  year={1998},
  publisher={IEEE}
}

@article{pages2005optimised,
  title={Optimised De Bruijn patterns for one-shot shape acquisition},
  author={Pages, Jordi and Salvi, Joaquim and Collewet, Christophe and Forest, Josep},
  journal={Image and Vision Computing},
  volume={23},
  number={8},
  pages={707--720},
  year={2005},
  publisher={Elsevier}
}

@article{salvi2010state,
  title={A state of the art in structured light patterns for surface profilometry},
  author={Salvi, Joaquim and Fernandez, Sergio and Pribanic, Tomislav and Llado, Xavier},
  journal={Pattern recognition},
  volume={43},
  number={8},
  pages={2666--2680},
  year={2010},
  publisher={Elsevier}
}

@inproceedings{van1994digital,
  title={A digital watermark},
  author={Van Schyndel, Ron G and Tirkel, Andrew Z and Osborne, Charles F},
  booktitle={Proceedings of 1st international conference on image processing},
  volume={2},
  pages={86--90},
  year={1994},
  organization={IEEE}
}

@article{chaisson2009novo,
  title={De novo fragment assembly with short mate-paired reads: Does the read length matter?},
  author={Chaisson, Mark J and Brinza, Dumitru and Pevzner, Pavel A},
  journal={Genome research},
  volume={19},
  number={2},
  pages={336--346},
  year={2009},
  publisher={Cold Spring Harbor Lab}
}

@article{compeau2011apply,
  title={How to apply de Bruijn graphs to genome assembly},
  author={Compeau, Phillip EC and Pevzner, Pavel A and Tesler, Glenn},
  journal={Nature biotechnology},
  volume={29},
  number={11},
  pages={987--991},
  year={2011},
  publisher={Nature Publishing Group}
}

@article{kiah2016codes,
  title={Codes for DNA sequence profiles},
  author={Kiah, Han Mao and Puleo, Gregory J and Milenkovic, Olgica},
  journal={IEEE Transactions on Information Theory},
  volume={62},
  number={6},
  pages={3125--3146},
  year={2016},
  publisher={IEEE}
}

@article{chang2017rates,
  title={Rates of DNA sequence profiles for practical values of read lengths},
  author={Chang, Zuling and Chrisnata, Johan and Ezerman, Martianus Frederic and Kiah, Han Mao},
  journal={IEEE Transactions on Information Theory},
  volume={63},
  number={11},
  pages={7166--7177},
  year={2017},
  publisher={IEEE}
}

@article{zhang2003eulerian,
  title={An Eulerian path approach to global multiple alignment for DNA sequences},
  author={Zhang, Yu and Waterman, Michael S},
  journal={Journal of Computational Biology},
  volume={10},
  number={6},
  pages={803--819},
  year={2003},
  publisher={Mary Ann Liebert, Inc.}
}

@inproceedings{pevzner2001new,
  title={A new approach to fragment assembly in DNA sequencing},
  author={Pevzner, Pavel A and Tang, Haixu and Waterman, Michael S},
  booktitle={Proceedings of the fifth annual international conference on Computational biology},
  pages={256--267},
  year={2001}
}

@article{hsieh2001decoding,
  title={Decoding structured light patterns for three-dimensional imaging systems},
  author={Hsieh, Yi-Chih},
  journal={Pattern Recognition},
  volume={34},
  number={2},
  pages={343--349},
  year={2001},
  publisher={Elsevier}
}

@article{macwilliams1976pseudo,
  title={Pseudo-random sequences and arrays},
  author={MacWilliams, F Jessie and Sloane, Neil JA},
  journal={Proceedings of the IEEE},
  volume={64},
  number={12},
  pages={1715--1729},
  year={1976},
  publisher={IEEE}
}

@article{au2015generalized,
  title={Generalized de Bruijn words for primitive words and powers},
  author={Au, Yu Hin},
  journal={Discrete Mathematics},
  volume={338},
  number={12},
  pages={2320--2331},
  year={2015},
  publisher={Elsevier}
}

@article{sawada2016generalizing,
  title={Generalizing the classic greedy and necklace constructions of de Bruijn sequences and universal cycles},
  author={Sawada, Joe and Williams, Aaron and Wong, Dennis},
  journal={the electronic journal of combinatorics},
  pages={P1--24},
  year={2016}
}

@article{fredricksen1986algorithm,
  title={An algorithm for generating necklaces of beads in two colors},
  author={Fredricksen, Harold and Kessler, Irving J},
  journal={Discrete mathematics},
  volume={61},
  number={2-3},
  pages={181--188},
  year={1986},
  publisher={Elsevier}
}

@article{etzion2009properties,
  title={Properties of the error linear complexity spectrum},
  author={Etzion, Tuvi and Kalouptsidis, Nicholas and Kolokotronis, Nicholas and Limniotis, Konstantinos and Paterson, Kenneth G},
  journal={IEEE Transactions on Information Theory},
  volume={55},
  number={10},
  pages={4681--4686},
  year={2009},
  publisher={IEEE}
}

@article{key1976analysis,
  title={An analysis of the structure and complexity of nonlinear binary sequence generators},
  author={Key, Edwin},
  journal={IEEE Transactions on Information Theory},
  volume={22},
  number={6},
  pages={732--736},
  year={1976},
  publisher={IEEE}
}

@article{chung1992universal,
  title={Universal cycles for combinatorial structures},
  author={Chung, Fan and Diaconis, Persi and Graham, Ron},
  journal={Discrete Mathematics},
  volume={110},
  number={1-3},
  pages={43--59},
  year={1992},
  publisher={North-Holland}
}

@inproceedings{de1946combinatorial,
  title={A combinatorial problem},
  author={De Bruijn, Nicolaas Govert},
  booktitle={Proc. Koninklijke Nederlandse Academie van Wetenschappen},
  volume={49},
  pages={758--764},
  year={1946}
}

@article{van1951circuits,
  title={Circuits and trees in oriented linear graphs},
  author={van Aardenne-Ehrenfest, Tanja},
  journal={Simon Stevin},
  volume={28},
  pages={203--217},
  year={1951}
}

@article{fleury1883deux,
  title={Deux problemes de geometrie de situation},
  author={Fleury, M},
  journal={Journal de mathematiques elementaires},
  volume={2},
  number={2},
  pages={257--261},
  year={1883}
}

@article{hierholzer1873moglichkeit,
  title={{\"U}ber die M{\"o}glichkeit, einen Linienzug ohne Wiederholung und ohne Unterbrechung zu umfahren},
  author={Hierholzer, Carl and Wiener, Chr},
  journal={Mathematische Annalen},
  volume={6},
  number={1},
  pages={30--32},
  year={1873},
  publisher={Springer-Verlag}
}

@article{martin1934problem,
  title={A problem in arrangements},
  author={Martin, Monroe H},
  journal={Bulletin of the American Mathematical Society},
  volume={40},
  number={12},
  pages={859--864},
  year={1934},
  publisher={American Mathematical Society}
}

@article{alhakim2010simple,
  title={A simple combinatorial algorithm for de Bruijn sequences},
  author={Alhakim, Abbas M},
  journal={The American Mathematical Monthly},
  volume={117},
  number={8},
  pages={728--732},
  year={2010},
  publisher={Taylor \& Francis}
}


@article{alhakim2021revisiting,
  title={Revisiting the prefer-same and prefer-opposite de Bruijn sequence constructions},
  author={Alhakim, Abbas and Sala, Evan and Sawada, Joe},
  journal={Theoretical Computer Science},
  volume={852},
  pages={73--77},
  year={2021},
  publisher={Elsevier}
}

@article{etzion1984construction,
  title={Construction of de Bruijn sequences of minimal complexity},
  author={Etzion, Tuvi and Lempel, Abraham},
  journal={IEEE Transactions on Information Theory},
  volume={30},
  number={5},
  pages={705--709},
  year={1984},
  publisher={IEEE}
}

@article{good1946normal,
  title={Normal recurring decimals},
  author={Good, Irving John},
  journal={Journal of the London Mathematical Society},
  volume={1},
  number={3},
  pages={167--169},
  year={1946},
  publisher={Oxford Academic}
}

@inproceedings{berkowitz2016robust,
  title={Robust positioning patterns},
  author={Berkowitz, Ross and Kopparty, Swastik},
  booktitle={Proceedings of the Twenty-Seventh Annual ACM-SIAM Symposium on Discrete Algorithms},
  pages={1937--1951},
  year={2016},
  organization={SIAM}
}

@article{etzion1984algorithms,
  title={Algorithms for the generation of full-length shift-register sequences},
  author={Etzion, Tuvi and Lempel, Abraham},
  journal={IEEE Transactions on Information Theory},
  volume={30},
  number={3},
  pages={480--484},
  year={1984},
  publisher={IEEE}
}

@article{golomb19821967,
  title={CA, 1967},
  author={Golomb, SW and Sequences, Shift-Register and Holden-Day, San Francisco},
  journal={Aegean Park},
  year={1982}
}

@article{fredricksen1982survey,
  title={A survey of full length nonlinear shift register cycle algorithms},
  author={Fredricksen, Harold},
  journal={SIAM review},
  volume={24},
  number={2},
  pages={195--221},
  year={1982},
  publisher={SIAM}
}

@article{lempel1970homomorphism,
  title={On a homomorphism of the de Bruijn graph and its applications to the design of feedback shift registers},
  author={Lempel, Abraham},
  journal={IEEE Transactions on Computers},
  volume={100},
  number={12},
  pages={1204--1209},
  year={1970},
  publisher={IEEE}
}

@article{lempel1985design,
  title={Design of universal test sequences for VLSI},
  author={Lempel, Abraham and Cohn, Martin},
  journal={IEEE transactions on information theory},
  volume={31},
  number={1},
  pages={10--17},
  year={1985},
  publisher={IEEE}
}

@article{barzilai1983exhaustive,
  title={Exhaustive generation of bit patterns with applications to VLSI self-testing},
  author={Barzilai, Zeev and Coppersmith, Don and Rosenberg, Arnold L.},
  journal={IEEE Transactions on Computers},
  volume={32},
  number={02},
  pages={190--194},
  year={1983},
  publisher={IEEE Computer Society}
}

@article{bruckstein2012simple,
  title={Simple and robust binary self-location patterns},
  author={Bruckstein, Alfred M and Etzion, Tuvi and Giryes, Raja and Gordon, Noam and Holt, Robert J and Shuldiner, Doron},
  journal={IEEE transactions on information theory},
  volume={58},
  number={7},
  pages={4884--4889},
  year={2012},
  publisher={Ieee}
}

@article{cohn1977fast,
  title={On fast M-sequence transforms (Corresp.)},
  author={Cohn, Martin and Lempel, Abraham},
  journal={IEEE Transactions on Information Theory},
  volume={23},
  number={1},
  pages={135--137},
  year={1977},
  publisher={IEEE}
}

@article{lempel1979cryptology,
  title={Cryptology in transition},
  author={Lempel, Abraham},
  journal={ACM Computing Surveys (CSUR)},
  volume={11},
  number={4},
  pages={285--303},
  year={1979},
  publisher={ACM New York, NY, USA}
}

@article{chan1982complexities,
  title={On the complexities of de Bruijn sequences},
  author={Chan, Agnes Hui and Games, Richard A and Key, Edwin L},
  journal={Journal of Combinatorial Theory, Series A},
  volume={33},
  number={3},
  pages={233--246},
  year={1982},
  publisher={Elsevier}
}

@article{games1983fast,
  title={A fast algorithm for determining the complexity of a binary sequence with period 2\^{} n (Corresp.)},
  author={Games, R and Chan, A},
  journal={IEEE Transactions on Information Theory},
  volume={29},
  number={1},
  pages={144--146},
  year={1983},
  publisher={IEEE}
}

@article{lu2016fault,
  title={A fault-tolerant routing algorithm for wireless sensor networks based on the structured directional de Bruijn graph},
  author={Lu, Chuiwei and Hu, Defa},
  journal={Cybernetics and Information Technologies},
  volume={16},
  number={2},
  pages={46--59},
  year={2016}
}

@article{chee2021locally,
  title={Locally-Constrained de Bruijn Codes: Properties, Enumeration, Code Constructions, and Applications},
  author={Chee, Yeow Meng and Etzion, Tuvi and Kiah, Han Mao and Marcovich, Sagi and Vardy, Alexander and Yaakobi, Eitan and others},
  journal={IEEE Transactions on Information Theory},
  volume={67},
  number={12},
  pages={7857--7875},
  year={2021},
  publisher={IEEE}
}

@article{song2021robust,
  title={Robust data storage in DNA by de Bruijn graph-based decoding},
  author={Song, Lifu and Geng, Feng and Song, Ziyi and Li, Bing-Zhi and Yuan, Ying-Jin},
  year={2021}
}

@article{zhang2021timing,
  title={Timing and synchronisation for high-loss free-space quantum communication with Hybrid de Bruijn Codes},
  author={Zhang, Peide and Oi, Daniel KL and Lowndes, David and Rarity, John G},
  journal={IET Quantum Communication},
  volume={2},
  number={3},
  pages={80--89},
  year={2021}
}

@article{blake1982enumeration,
  title={The Enumeration of Certain Run-Length Sequences},
  author={Blake, Ian F},
  journal={Inf. Control.},
  volume={55},
  number={1-3},
  pages={222--236},
  year={1982}
}

@article{kurmaev2011constant,
  title={Constant-weight and constant-charge binary run-length limited codes},
  author={Kurmaev, Oleg F},
  journal={IEEE transactions on information theory},
  volume={57},
  number={7},
  pages={4497--4515},
  year={2011},
  publisher={IEEE}
}

@article{mitchell1996method,
  title={A method for constructing decodable de Bruijn sequences},
  author={Mitchell, Chris J and Etzion, Tuvi and Paterson, Kenneth G},
  journal={IEEE Transactions on Information Theory},
  volume={42},
  number={5},
  pages={1472--1478},
  year={1996},
  publisher={IEEE}
}

@article{tuliani2001bruijn,
  title={De Bruijn sequences with efficient decoding algorithms},
  author={Tuliani, Jonathan},
  journal={Discrete Mathematics},
  volume={226},
  number={1-3},
  pages={313--336},
  year={2001},
  publisher={Elsevier}
}

@article{kociumaka2016efficient,
  title={Efficient ranking of Lyndon words and decoding lexicographically minimal de Bruijn sequence},
  author={Kociumaka, Tomasz and Radoszewski, Jakub and Rytter, Wojciech},
  journal={SIAM Journal on Discrete Mathematics},
  volume={30},
  number={4},
  pages={2027--2046},
  year={2016},
  publisher={SIAM}
}

@article{fredricksen1978necklaces,
  title={Necklaces of beads in k colors and k-ary de Bruijn sequences},
  author={Fredricksen, Harold and Maiorana, James},
  journal={Discrete Mathematics},
  volume={23},
  number={3},
  pages={207--210},
  year={1978},
  publisher={Elsevier}
}

@article{ruskey1992generating,
  title={Generating necklaces},
  author={Ruskey, Frank and Savage, Carla and Wang, Terry Min Yih},
  journal={Journal of Algorithms},
  volume={13},
  number={3},
  pages={414--430},
  year={1992},
  publisher={Elsevier}
}

@article{duval1988generation,
  title={G{\'e}n{\'e}ration d'une section des classes de conjugaison et arbre des mots de Lyndon de longueur born{\'e}e},
  author={Duval, Jean-Pierre},
  journal={Theoretical computer science},
  volume={60},
  number={3},
  pages={255--283},
  year={1988},
  publisher={Elsevier}
}

@IEEEtranBSTCTL{IEEEexample:BSTcontrol,
  CTLdash_repeated_names = "no"
}

